<?xml version="1.0" encoding="UTF-8"?><collection xmlns="http://www.loc.gov/MARC21/slim"><record><leader>00546nam--2200181-u-4500</leader><controlfield tag="001">000054355</controlfield><controlfield tag="002">20161230</controlfield><controlfield tag="005">20170106152923</controlfield><controlfield tag="008">111124s1000------------r-----000-0-fre-d</controlfield><datafield ind1=" " ind2=" " tag="040"><subfield code="a">IFIN-HH</subfield></datafield><datafield ind1=" " ind2=" " tag="041"><subfield code="a">fre</subfield></datafield><datafield ind1=" " ind2=" " tag="080"><subfield code="a">539.12(043)</subfield></datafield><datafield ind1="1" ind2=" " tag="100"><subfield code="a">Aaberge, Terje</subfield></datafield><datafield ind1="1" ind2="0" tag="245"><subfield code="a">Hamiltonian dynamics for einstein relativistic particles ; dynamique hamiltonienne des particles relativistes einsteiniennes</subfield><subfield code="b">These</subfield><subfield code="c">Terje Aaberge</subfield></datafield><datafield ind1=" " ind2=" " tag="260"><subfield code="a">Gweneve</subfield><subfield code="b">Universite</subfield><subfield code="c">1975</subfield></datafield><datafield ind1=" " ind2=" " tag="300"><subfield code="a">49 p</subfield></datafield><datafield ind1=" " ind2=" " tag="852"><subfield code="a">43677</subfield><subfield code="c">539.12</subfield></datafield><datafield ind1=" " ind2=" " tag="CAT"><subfield code="a">SYS</subfield><subfield code="c">20170106</subfield><subfield code="h">152923</subfield></datafield></record></collection>